<record><leader>00000cas a2200000 a 4500</leader><controlfield tag="001">7742580</controlfield><controlfield tag="008">810908c19619999ohudr ne      0   a0eng c</controlfield><datafield ind1=" " ind2=" " tag="010"><subfield code="a">sn 83045522 </subfield></datafield><datafield ind1=" " ind2=" " tag="040"><subfield code="a">YHM</subfield><subfield code="b">eng</subfield><subfield code="c">YHM</subfield><subfield code="d">OCL</subfield><subfield code="d">NPW</subfield><subfield code="d">NPY</subfield><subfield code="d">NPW</subfield><subfield code="d">NPV</subfield><subfield code="d">DLC</subfield><subfield code="d">NPY</subfield><subfield code="d">NJW</subfield><subfield code="d">DLC</subfield><subfield code="d">ONP</subfield><subfield code="d">KNP</subfield><subfield code="d">ONP</subfield><subfield code="d">MFN</subfield><subfield code="d">KNP</subfield><subfield code="d">ONP</subfield><subfield code="d">MGN</subfield><subfield code="d">CRL</subfield><subfield code="d">CNK</subfield><subfield code="d">CNW</subfield><subfield code="d">CVF</subfield><subfield code="d">DLC</subfield><subfield code="d">NLM</subfield><subfield code="d">OCLCQ</subfield><subfield code="d">OCLCF</subfield><subfield code="d">OCLCO</subfield><subfield code="d">OCLCA</subfield></datafield><datafield ind1="7" ind2=" " tag="016"><subfield code="a">100973425</subfield><subfield code="2">DNLM</subfield></datafield><datafield ind1="1" ind2=" " tag="029"><subfield code="a">NLM</subfield><subfield code="b">100973425</subfield></datafield><datafield ind1="1" ind2=" " tag="029"><subfield code="a">AU@</subfield><subfield code="b">000020294771</subfield></datafield><datafield ind1=" " ind2=" " tag="042"><subfield code="a">pcc</subfield></datafield><datafield ind1=" " ind2=" " tag="043"><subfield code="a">n-us-oh</subfield></datafield><datafield ind1="0" ind2="0" tag="050"><subfield code="a">Newspaper</subfield></datafield><datafield ind1="0" ind2=" " tag="130"><subfield code="a">Plain dealer (Cleveland, Ohio : 1961)</subfield></datafield><datafield ind1="1" ind2="4" tag="245"><subfield code="a">The plain dealer.</subfield></datafield><datafield ind1="1" ind2=" " tag="246"><subfield code="i">Sunday issues for &lt;May 15, 1994-&gt; published as:</subfield><subfield code="a">Sunday plain dealer</subfield></datafield><datafield ind1=" " ind2=" " tag="260"><subfield code="a">Cleveland [Ohio] :</subfield><subfield code="b">Forest City Pub. Co.,</subfield><subfield code="c">1961-</subfield></datafield><datafield ind1=" " ind2=" " tag="300"><subfield code="a">v.</subfield></datafield><datafield ind1=" " ind2=" " tag="310"><subfield code="a">Daily</subfield></datafield><datafield ind1="0" ind2=" " tag="362"><subfield code="a">Vol. 120, no. 259 (Sept. 16, 1961)-</subfield></datafield><datafield ind1=" " ind2=" " tag="515"><subfield code="a">Suspended: Nov. 30, 1962-Apr. 8, 1963, and: Nov. 2-Dec. 21, 1974 due to strikes.</subfield></datafield><datafield ind1=" " ind2=" " tag="530"><subfield code="a">Also issued on microfilm from University Microfilms International.</subfield></datafield><datafield ind1=" " ind2=" " tag="588"><subfield code="a">Latest issue consulted: No. 202 (July 20, 2000).</subfield></datafield><datafield ind1=" " ind2="0" tag="651"><subfield code="a">Cleveland (Ohio)</subfield><subfield code="v">Newspapers.</subfield></datafield><datafield ind1=" " ind2="0" tag="651"><subfield code="a">Cuyahoga County (Ohio)</subfield><subfield code="v">Newspapers.</subfield></datafield><datafield ind1=" " ind2="7" tag="655"><subfield code="a">Newspapers.</subfield><subfield code="2">fast</subfield><subfield code="0">(OCoLC)fst01423814</subfield></datafield><datafield ind1=" " ind2="7" tag="651"><subfield code="a">Ohio</subfield><subfield code="z">Cleveland.</subfield><subfield code="2">fast</subfield><subfield code="0">(OCoLC)fst01205966</subfield></datafield><datafield ind1=" " ind2="7" tag="651"><subfield code="a">Ohio</subfield><subfield code="z">Cuyahoga County.</subfield><subfield code="2">fast</subfield><subfield code="0">(OCoLC)fst01202752</subfield></datafield><datafield ind1=" " ind2=" " tag="752"><subfield code="a">United States</subfield><subfield code="b">Ohio</subfield><subfield code="c">Cuyahoga</subfield><subfield code="d">Cleveland.</subfield></datafield><datafield ind1="0" ind2="0" tag="780"><subfield code="t">Cleveland plain dealer (Cleveland, Ohio : 1885)</subfield><subfield code="w">(DLC)sn 83045167</subfield><subfield code="w">(OCoLC)1554910</subfield></datafield></record>